@misc{website:oracle_ve,
    author  =  "Oracle",
    title   =  "VerifyError (Java Platform SE 8)",
    url     =  "https://docs.oracle.com/javase/8/docs/api/java/lang/VerifyError.html"
}