@article{oracle_isa,
    author  =  "Oracle",
    title   = "{Instruction Set Manual}",
    journal =  "{Java Virtual Machine Specification}",
    url     =  "https://docs.oracle.com/javase/8/docs/api/java/lang/ClassFormatError.html"
}