@misc{website:oracle_cfe,
    author  =  "Oracle",
    title   =  "ClassFormatError (Java Platform SE 8)",
    url     =  "https://docs.oracle.com/javase/8/docs/api/java/lang/ClassFormatError.html"
}